@misc{nltk,
title = {{Python Natural Language Toolkit}},
howpublished = "\url{http://www.nltk.org/}",
}

@article{music-long-tail,
    author  = "O. Celma",
    title   = "Music Recommendation and Recovery in the Long Tail",
    year    = "2008",
    journal = "PhD thesis, Universitat Pompeu Fabra, Barcelona"
}

@inproceedings{fLDA,
  title={fLDA: matrix factorization through latent dirichlet allocation},
  author={Agarwal, Deepak and Chen, Bee-Chung},
  booktitle={Proceedings of the third ACM international conference on Web search and data mining},
  pages={91--100},
  year={2010},
  organization={ACM}
}

@inproceedings{grouplens,
  title={Item-based collaborative filtering recommendation algorithms},
  author={Sarwar, Badrul and Karypis, George and Konstan, Joseph and Riedl, John},
  booktitle={Proceedings of the 10th international conference on World Wide Web},
  pages={285--295},
  year={2001},
  organization={ACM}
}

@inproceedings{ctr,
  title={Collaborative topic modeling for recommending scientific articles},
  author={Wang, Chong and Blei, David M},
  booktitle={Proceedings of the 17th ACM SIGKDD international conference on Knowledge discovery and data mining},
  pages={448--456},
  year={2011},
  organization={ACM}
}

@article{lda,
  title={Latent dirichlet allocation},
  author={Blei, David M and Ng, Andrew Y and Jordan, Michael I},
  journal={the Journal of machine Learning research},
  volume={3},
  pages={993--1022},
  year={2003},
  publisher={JMLR. org}
}

@inproceedings{tea-leaves,
  title={Reading tea leaves: How humans interpret topic models},
  author={Chang, Jonathan and Gerrish, Sean and Wang, Chong and Boyd-graber, Jordan L and Blei, David M},
  booktitle={Advances in neural information processing systems},
  pages={288--296},
  year={2009}
}

@article{tSNE,
  title={Visualizing data using t-SNE},
  author={Van der Maaten, Laurens and Hinton, Geoffrey},
  journal={Journal of Machine Learning Research},
  volume={9},
  number={2579-2605},
  pages={85},
  year={2008}
}

